@online{CatGameTheory,
	title		= {Game Theory from the Category Theory Point of View},
	author		= {Jim√©nez, Alfi},
	year		= {2014},
	url			= {https://www.gtcenter.org/Archive/2014/Conf/Jimenez1880.pdf},
	urldate 	= {2017-01-15}
}


@article{MonShap,
	author 		= {Monderer, Dov AND Shapley, Lloyd S.},
	title 		= {Potential Games},
	journaltitle = {Games and Economic Behaviour},
	date 		= {1996},
	pages 		= {124-143}
}


@article{LapGameCat,
	author 		= {Lapitsky, Victor},
	title 		= {On some Categories of Games and Corresponding Equilibria},
	journaltitle = {International Game Theory Review},
	date 		= {1999},
	volume 		= {1},
	number 		= {2},
	pages 		= {169-185}
}

@artivle{MultiPotGames,
	author		= {Monderer, Dov},
	title		= {Multipotential Games}
}

@article{BestRespPot,
	title 		= {Best-response potential games},
	journal		= {Economics Letters},
	volume 		= {66},
	number 		= {3},
	pages 		= {289 - 295},
	year 		= {2000},
	issn 		= {0165-1765},
	doi 		= {http://dx.doi.org/10.1016/S0165-1765(99)00196-2},
	url 		= {http//www.sciencedirect.com/science/article/pii/S0165176599001962},
	author 		= {Mark Voorneveld}
}

@unpublished{Polyequilibrium,
	author 		= {Igal Milchtaich},
	title 		= {Polyequilibrium},
	date 		= {Juni 2015},
	location 	= {Bar-Ilan University, Department of Economics},
	pubstate 	= {Working Paper},
	url 		= {https://faculty.biu.ac.il/~milchti/papers/30.html},
	urldate 	= {16.2.2017}
}
